@book{example_book,
  title={Название книги},
  author={Фамилия, И. О. and Фамилия2, И. О.},
  year={2023},
  publisher={Издательство},
  address={Город},
  language={russian}
}

@article{example_article,
  title={Название статьи},
  author={Фамилия, И. О.},
  journal={Название журнала},
  volume={1},
  number={2},
  pages={10--20},
  year={2023},
  language={russian}
}

@inproceedings{example_conference,
  title={Название доклада},
  author={Фамилия, И. О. and Фамилия2, И. О.},
  booktitle={Название конференции},
  pages={100--110},
  year={2023},
  address={Город},
  language={russian}
}

@online{example_website,
  title={Название веб-ресурса},
  author={Фамилия, И. О.},
  url={https://example.com},
  urldate={2023-01-01},
  language={russian}
}

@thesis{example_thesis,
  title={Название диссертации},
  author={Фамилия, И. О.},
  type={канд. дис.},
  school={Название университета},
  year={2023},
  language={russian}
}

@book{knuth_art,
  title={Искусство программирования},
  author={Кнут, Д. Э.},
  year={2018},
  publisher={Вильямс},
  address={Москва},
  language={russian}
}

@article{ai_survey,
  title={Искусственный интеллект: современное состояние и перспективы развития},
  author={Иванов, А. И. and Петров, В. В.},
  journal={Программирование},
  volume={44},
  number={3},
  pages={15--28},
  year={2023},
  language={russian}
}

@inproceedings{ml_conference,
  title={Машинное обучение в обработке естественного языка},
  author={Сидоров, С. С.},
  booktitle={Труды международной конференции по искусственному интеллекту},
  pages={245--252},
  year={2023},
  address={Санкт-Петербург},
  language={russian}
}

@online{github_repo,
  title={LaTeX шаблон для диссертации по ГОСТу},
  author={GitHub Community},
  url={https://github.com/example/latex-thesis-template},
  urldate={2024-01-15},
  language={russian}
}
